@misc{Knight2021,
  title = {The ut-thesis class},
  author = {Pitt, Francois and Knight, Jesse},
  url = {https://ctan.org/pkg/ut-thesis},
  year = {2021}
}

@BOOK{1634ssop.book.....K,
       author = {{Kepler}, Johann and {Kepler}, Ludiwg},
        title = "{Somnivm, SEU opvs posthvmvm de astronomia lvnari.}",
         year = 1634,
       adsurl = {https://ui.adsabs.harvard.edu/abs/1634ssop.book.....K},
      adsnote = {Provided by the SAO/NASA Astrophysics Data System}
}

@misc{nasa-exoplanet-archive, 
    doi = {10.26133/NEA4}, 
    url = {https://catcopy.ipac.caltech.edu/dois/doi.php?id=10.26133/NEA4},
    author = {{NASA Exoplanet Archive}},
    title = {Confirmed Planets},
    publisher = {NExScI-Caltech/IPAC},
    version = {Version: 2023-04-07 08:42},
    year = {2023}
}

@misc{nasa-exoplanet-archive-2019, 
    doi = {10.26133/NEA4}, 
    url = {https://catcopy.ipac.caltech.edu/dois/doi.php?id=10.26133/NEA4},
    author = {{NASA Exoplanet Archive}},
    title = {Confirmed Planets},
    publisher = {NExScI-Caltech/IPAC},
    version = {Version: 2023-02},
    year = {2019}
}

@ARTICLE{2021arXiv210400175O,
       author = {{Obertas}, Alysa and {Paradise}, Adiv},
        title = "{Preliminary Analysis of Planetary Characteristics, Dynamics, and Climates from the Systems Alliance Planetary Survey Catalogue}",
      journal = {arXiv e-prints},
     keywords = {Physics - Popular Physics, Astrophysics - Earth and Planetary Astrophysics},
         year = 2021,
        month = mar,
          eid = {arXiv:2104.00175},
        pages = {arXiv:2104.00175},
          doi = {10.48550/arXiv.2104.00175},
archivePrefix = {arXiv},
       eprint = {2104.00175},
 primaryClass = {physics.pop-ph},
       adsurl = {https://ui.adsabs.harvard.edu/abs/2021arXiv210400175O},
      adsnote = {Provided by the SAO/NASA Astrophysics Data System}
}

@ARTICLE{2017Icar..293...52O,
       author = {{Obertas}, Alysa and {Van Laerhoven}, Christa and {Tamayo}, Daniel},
        title = "{The stability of tightly-packed, evenly-spaced systems of Earth-mass planets orbiting a Sun-like star}",
      journal = {Icarus},
     keywords = {Planetary dynamics, Celestial mechanics, Extra-solar planets, Earth Science, Astrophysics - Earth and Planetary Astrophysics},
         year = 2017,
        month = sep,
       volume = {293},
        pages = {52-58},
          doi = {10.1016/j.icarus.2017.04.010},
archivePrefix = {arXiv},
       eprint = {1703.08426},
 primaryClass = {astro-ph.EP},
       adsurl = {https://ui.adsabs.harvard.edu/abs/2017Icar..293...52O},
      adsnote = {Provided by the SAO/NASA Astrophysics Data System}
}

@ARTICLE{2023arXiv230612967O,
       author = {{Obertas}, Alysa and {Tamayo}, Daniel and {Murray}, Norm},
        title = "{On the Degree of Dynamical Packing in the Kepler Multi-planet Systems}",
      journal = {arXiv e-prints},
     keywords = {Astrophysics - Earth and Planetary Astrophysics},
         year = 2023,
        month = jun,
          eid = {arXiv:2306.12967},
        pages = {arXiv:2306.12967},
          doi = {10.48550/arXiv.2306.12967},
archivePrefix = {arXiv},
       eprint = {2306.12967},
 primaryClass = {astro-ph.EP},
       adsurl = {https://ui.adsabs.harvard.edu/abs/2023arXiv230612967O},
      adsnote = {Provided by the SAO/NASA Astrophysics Data System}
}

@ARTICLE{2021ARA&A..59..291Z,
       author = {{Zhu}, Wei and {Dong}, Subo},
        title = "{Exoplanet Statistics and Theoretical Implications}",
      journal = {Annual Review of Astronomy and Astrophysics},
     keywords = {Astrophysics - Earth and Planetary Astrophysics},
         year = 2021,
        month = sep,
       volume = {59},
        pages = {291-336},
          doi = {10.1146/annurev-astro-112420-020055},
archivePrefix = {arXiv},
       eprint = {2103.02127},
 primaryClass = {astro-ph.EP},
       adsurl = {https://ui.adsabs.harvard.edu/abs/2021ARA&A..59..291Z},
      adsnote = {Provided by the SAO/NASA Astrophysics Data System}
}

@ARTICLE{2022arXiv220310076W,
       author = {{Weiss}, Lauren M. and {Millholland}, Sarah C. and {Petigura}, Erik A. and {Adams}, Fred C. and {Batygin}, Konstantin and {Bloch}, Anthony M. and {Mordasini}, Christoph},
        title = "{Architectures of Compact Multi-planet Systems: Diversity and Uniformity}",
      journal = {arXiv e-prints},
     keywords = {Astrophysics - Earth and Planetary Astrophysics, Astrophysics - Solar and Stellar Astrophysics},
         year = 2022,
        month = mar,
          eid = {arXiv:2203.10076},
        pages = {arXiv:2203.10076},
          doi = {10.48550/arXiv.2203.10076},
archivePrefix = {arXiv},
       eprint = {2203.10076},
 primaryClass = {astro-ph.EP},
       adsurl = {https://ui.adsabs.harvard.edu/abs/2022arXiv220310076W},
      adsnote = {Provided by the SAO/NASA Astrophysics Data System}
}
